@Article{art_appraisal,
  title =	"Art Appraisal Using Convolutional Neural Networks",
  author =	"Rafi Ayub, Cedric Orban, Vidush Mukund",
  year = 	"2017",
  bibdate =	"2017-12-15",
  URL =  	"http://cs229.stanford.edu/proj2017/final-reports/5229686.pdf",
}
@Article{img_capt,
  title =	"Vikram Mullachery, Vishal Motwani",
  author =	"Rafi Ayub, Cedric Orban, Vidush Mukund",
  year = 	"2016",
  bibdate =	"2016-12",
  URL =  	"https://arxiv.org/pdf/1805.09137.pdf",
}
@Article{over_feat,
  title =	"OverFeat: Integrated Recognition, Localization and Detection using Convolutional Networks",
  author =	"Pierre Sermanet David Eigen
Xiang Zhang Michael Mathieu Rob Fergus Yann LeCun",
  year = 	"2014",
  bibdate =	"2014-02-24",
  URL =  	"https://arxiv.org/pdf/1312.6229.pdf",
}
@Article{pvnet,
  title =	"PVANET: Deep but Lightweight Neural Networks for Real-time Object Detection",
  author =	"Pierre Sermanet David Eigen
Xiang Zhang Michael Mathieu Rob Fergus Yann LeCun",
  year = 	"2016",
  bibdate =	"2016-09-30",
  URL =  	"https://arxiv.org/pdf/1608.08021.pdf",
}

@Article{metrics,
  title =	"Comparative study of localization metrics for the evaluation of image interpretation systems",
  author =	"Baptiste Hemery, Hélène Laurent, Bruno Emile, Christophe Rosenberger",
  year = 	"2013",
  bibdate =	"2013-05-13",
  URL =  	"https://hal.archives-ouvertes.fr/hal-00657363/document",
}

@Article{iou,
  title =	"mAP (mean Average Precision) for Object Detection",
  author =	"Jonathan Hui",
  year = 	"2018",
  bibdate =	"2018-03-07",
  URL =  	"https://medium.com/@jonathan_hui/map-mean-average-precision-for-object-detection-45c121a31173",
}
